@article{nature,
  author = {Rosa Rademakers and Manuela Neumann and Ian R. Mackenzie}},
  title = {Advances in understanding the molecular basis of frontotemporal
           dementia - elongated title}},
  journal = {{Nature Reviews Neurology}},
  volume = {8},
  year = {2012},
  pages = {423-434},
  doi = {10.1038/nrneurol.2012.117},
}
@article{fuente,
  author = {D. de la Fuente and J.G. Castaño and M. Morcillo},
  title = {Long-term atmospheric corrosion of zinc},
  journal = {Corrosion Science},
  volume = {49},
  year = {2007},
  pages = {1420–1436},
}
@article{xy,
  author = {Xaver Zorro},
  title = {Vampires},
}
