@ARTICLE{Davy1808Bakerian1,
  author = {Davy, Humphry},
  journal = {Philosophical Transactions of the Royal Society of London},
  title = {The Bakerian Lecture: On Some New Phenomena of Chemical Changes Produced
	by Electricity, Particularly the Decomposition of the Fixed Alkalies,
	and the Exhibition of the New Substances Which Constitute Their Bases;
	And on the General Nature of Alkaline Bodies},
  year = {1808},
  volume = {98},
  pages = {1--44},
  file = {Davy1808Bakerian1.pdf:tesis/tesis-bibliografia/Davy1808Bakerian1.pdf:PDF},
  month = jan,
  number = {-1},
  owner = {ejjuarez},
  timestamp = {2008-12-21+20:43:17},
  url = {http://dx.doi.org/10.1098/rstl.1808.0001}
}

@BOOK{Stock1933Hydrides,
  author = {Stock, A.},
  title = {Hydrides of Boron and Silicon },
  publisher = {Cornell Univ. Press, Ithaca, NY},
  year = {1933},
  file = {Stock1933Hydrides.pdf:tesis/tesis-bibliografia/Stock1933Hydrides.pdf:PDF},
  timestamp = {2008-12-21+21:01:09}
}

@ARTICLE{Longuet-Higgins1943structure250,
  author = {H. C. Longuet-Higgins and R. P. Bell},
  journal = {J. Chem. Soc.},
  title = {The Structure Of The Boron Hydrides},
  year = {1943},
  pages = {250--255},
  file = {Longuet-Higgins1943structure250.pdf:tesis/tesis-bibliografia/Longuet-Higgins1943structure250.pdf:PDF},
  owner = {ejjuarez},
  timestamp = {2008-12-21+22:21:15}
}

@ARTICLE{Wade2009Bonding92,
  author = {Wade, Ken},
  journal = {Nature},
  title = {Bonding With Boron},
  year = {2009},
  volume = {1},
  pages = {92--92},
  comment = {10.1038/nchem.158},
  file = {Wade2009Bonding92.pdf:carboranos/Wade2009Bonding92.pdf:PDF},
  issn = {1755-4330},
  month = apr,
  number = {1},
  publisher = {Nature Publishing Group},
  timestamp = {2009-04-26+14:12},
  url = {http://dx.doi.org/10.1038/nchem.158}
}

@ARTICLE{Brown1957Singly-Bridged2020,
  author = {Brown, Herbert C. and Stehle, Peter F. and Tierney, Paul A.},
  journal = {J. Am. Chem. Soc.},
  title = {Singly-Bridged Compounds Of The Boron Halides And Boron Hydrides},
  year = {1957},
  volume = {79},
  pages = {2020-2021},
  doi = {10.1021/ja01565a071},
  eprint = {http://pubs.acs.org/doi/pdf/10.1021/ja01565a071},
  file = {Brown1957Singly-Bridged2020.pdf:tesis/tesis-bibliografia/Brown1957Singly-Bridged2020.pdf:PDF},
  number = {8},
  timestamp = {2008-12-21+23:49:23},
  url = {http://pubs.acs.org/doi/abs/10.1021/ja01565a071}
}
