%% Bibliography used for Thesis

@article{adachieetal:2007,
author = {{Adachi, K.} and {Chung, S.H.} and {Friedrich, H.} and {Buseck, P.R.}},
title = {Fractal parameters of individual soot particles determined using electron tomography: implications for optical properties},
journal = {Journal of Geophysical Research},
year = {2007},
volume = {112},
pages = {D14202}
},

@article{ackermanetal:2000,
author = {{Ackerman, A.S.} and {Toon, O.B.}. and {Stevens, D.E.} and {Heymsfield, A.J.} and {Ramanathan, V.} and {Welton, E.J.}},
title = {Reduction of tropical cloudiness by soot},
journal = {Science},
year = {2000},
volume = {288},
pages = {1042-1047}
},

@article{alzaitoneetal:2009,
author = {{Al Zaitone, B.} and {Schmid, H.J.} and {Peukert, W.}},
title = {Simulation of structure and mobility of aggregates formed by simultaneous coagulation, sintering and surface growth},
journal = {Journal of Aerosol Science},
year = {2009},
volume = {40},
pages = {950-964}
},

@article{allainetal:1991,
author = {{Allain, C.} and {Cloitre, M.}},
title = {Characterization of the lacunarity of random and deterministic fractal sets},
journal = {Physical Review A},
date = {1991},
volume = {44 (6)},
pages = {3552-3558}
},

@article{balthasar:2005,
author = {Balthasar, M. and Frenklach, M.},
title = {Monte-Carlo simulations of soot particle coagulation and aggregation: the effect of a realistic size distribution.},
journal = {Proceedings of the Combustion Institute},
year = {2005},
volume = {30},
pages = {1467-1475}
},

@article{batzsohn:2003,
author = {Batz-Sohn, C.},
title = {Particle sizes of fumed oxides: a new approach using PSC signals.},
journal = {Particle and Particle System Characterization},
year = {2003},
volume = {20},
pages = {370-378}
},

@article{benneretal:1990,
author = {{Benner, B.A.} and {Bryner, N.P.} and {Wise, S.A.} and {Mulholland, G.W.} and {Lao, R.C.} and {Fingas, M.F.}},
title = {Polycyclic aromatic hydrocarbons emissions from the combustion of crude oil on water.},
journal = {Environmental Science and Technology},
year = {1990},
volume = {24},
pages = {1418-1427}
},

@article{bockhornetal:2002,
author = {{Bockhorn, H.} and {Geitlinger, H.} and {Jungfleish, B.} and {Lehre, Th.} and {Schön, A.} and {Streibel, Th.} and {Suntz, R.}},
title = {Progress in characterization of soot formation by optical methods.},
journal = {Physical Chemistry Chemical Physics},
year = {2002},
volume = {4},
pages = {3780-3793}
},

@article{bonczyketal:1991,
author = {{Bonczyk, P.A.} and {Hall, R.J.}},
title = {Fractal properties of soot agglomerates.},
journal = {Langmuir},
year = {1991},
volume = {7},
pages = {1274-1280}
},

@article{brasiletal:1999,
author = {{Brasil, A.M.} and {Farias, T.L.} and {Carvalho, M.G.}},
title = {A recipe for image characterization of fractal-like aggregates.},
journal = {Journal of Aerosol Science},
year = {1999},
volume = {30 (10)},
pages = {1379-1389}
},

@article{brasiletal:2000,
author = {{Brasil, A.M.} and {Farias, T.L.} and {Carvalho, M.G.}},
title = {Evaluation of hte fractal properties of cluster cluster aggregates.},
journal = {Aerosol Science and Technology},
year = {2000},
volume = {33},
pages = {440-454}
},

@article{brasiletal:2001,
author = {{Brasil, A.M.} and {Farias, T.L.} and {Carvalho, M.G.}},
title = {Numerical characterization of the morphology of aggregated particles.},
journal = {Journal of Aerosol Science},
year = {2001},
volume = {32},
pages = {489-508}
},

@article{busheletal:1998,
author = {Bushel, G. and Amal, R.},
title = {Fractal aggregates of polydisperse particles.},
journal = {Journal of Colloid and Interface Science},
year = {1998},
volume = {205},
pages = {459-469}
},

@article{caietal:1995,
author = {Cai, J. and {Sorensen, C.M.}},
title = {Analysis of fractal cluster morphology parameters: structural coefficient and density autocorrelation cutoff.},
journal = {Journal of Colloid and Interface Science},
year = {1995},
volume = {171},
pages = {470-473}
},

@article{chameidesetal:2002,
author = {{Chameides, W.L.} and {Bergin, M.}},
title = {Soot take center stage.},
journal = {Science},
year = {2002},
volume = {297},
pages = {2214-2215}
},

@article{cheremisinetal:2005,
author = {{Cheremisin, A.A.} and {Vassilyev, Y.V.} and {Horvath, H.}},
title = {Gravito-photophoresis and aerosol stratification in the atmosphere.},
journal = {Journal of Aerosol Science},
year = {2005},
volume = {36},
pages = {1277-1299}
},

@article{choetal:2006,
author = {Cho, K. and Biswas, P.},
title = {A geometrical sintering model (GSM) to predict surface area change.},
journal = {Journal of Aerosol Science},
year = {2006},
volume = {37},
pages = {1378-1387}
},

@article{dalisetal:2005,
author = {Dalis, A. and {Friedlander, S.K.}},
title = {Lattice chain model for the thermal restructuring of nanoparticle chain aggregates.},
journal = {Journal of Aerosol Science},
year = {2005},
volume = {36},
pages = {27-42}
},

@article{desantesetal:2005,
author = {{Desantes, J.M.} and {Bermúdez, V.} and {García, J.M.} and {Fuentes, E.}},
title = {Effects of current engine strategies on the exhaust aerosol particle size distribution from a heavy-duty diesel engine.},
journal = {Journal of Aerosol Science},
year = {2005},
volume = {36},
pages = {1251-1276}
},

@article{distasio:2001,
author = {Di Stasio, S.},
title = {Observation of restructuring of nanoparticle soot aggregates in a diffusion flame by static light scattering.},
journal = {Journal of Aerosol Science},
year = {2001},
volume = {32},
pages = {509-524}
},

@article{ehrletal:2009,
author = {Ehrl, L. and Soos, M. and Lattuada, M.},
title = {Generation and geometrical analysis of dense clusters with variable fractal dimension.},
journal = {Journal of Physical Chemistry B},
year = {2009},
volume = {113},
pages = {10587-10599}
},

@article{eggersdorferetal:2011,
author = {{Eggersdorferl, M.L.} and Kadau, D. and {Herrmann, H.J.} and {Pratsinis, S.E.}},
title = {Multiparticle sintering dynamics: from fractal-like aggregates to compact structures.},
journal = {Langmuir},
year = {2011},
volume = {27},
pages = {6358-6367}
},

@article{faxvogetal:1978,
author = {{Faxvog, F.R.} and {Roessler ,D.M.}},
title = {Carbon aerosol visibility vs particle size distribution.},
journal = {Applied Optics},
year = {1978},
volume = {17},
pages = {2612-2616}
},

@article{filippovetal:2000,
author = {{Filippov, A.V.} and Zurita, M. and {Rosner ,D.E.}},
title = {Fractal-like aggregates: relation between morphology and physical properties.},
journal = {Journal of Colloid and Interface Science},
year = {2000},
volume = {229},
pages = {262-273}
},

@article{frenklach:2002,
author = {{Frenklach, M.}},
title = {Method of momentos with interpolative closure.},
journal = {Chemical Engineering Science},
year = {2002},
volume = {57},
pages = {2229-2239}
},

@article{garcia-ybarraetal:2006,
author = {{García-Ybarra, P.L.} and {Castillo, J.L.} and {Rosner, D.E.}},
title = {Drag on a large spherical aggregate with self-similar structure: an asymptotic analysis.},
journal = {Journal of Aerosol Science},
year = {2006},
volume = {37},
pages = {413-428}
},

@article{geguzinetal:1972,
author = {{Geguzin, P.L.} and {Castillo, J.L.} and {Rosner, D.E.}},
title = {Drag on a large spherical aggregate with self-similar structure: an asymptotic analysis.},
journal = {Powder Metallurgy and Metal Ceramics},
year = {1972},
volume = {11 (5)},
pages = {367-371}
},

@article{gmachowski:2002,
author = {Gmachowski, L.},
title = {Calculation of the fractal dimension of aggregates.},
journal = {Colloids and Surfaces, A: Physichochem. Eng. Aspects},
year = {2002},
volume = {211},
pages = {197-203}
},

@article{gommesetal:2003,
author = {Gommes, C. and Blacher, S. and Masenelli-Varlot, K. and Bossuout, Ch. and McRae, E. and Fonseca, A. and {Nagy, J.B.} and {Pirard, J.-P.}},
title = {Image analysis characterization of multi-walled carbon nanotubes.},
journal = {Carbon},
year = {2003},
volume = {41},
pages = {2561-2572}
},

@article{gorbunovetal:1999,
author = {Gorbunov, B. and Clarke, A.G. and Hamilton, R.S.},
title = {Coagulation of soot particles and fractal dimension.},
journal = {Journal of Aerosol Science},
year = {1999},
volume = {30},
pages = {S445-S446}
},

@article{hayasietal:1999,
author = {{Hayashi, S.} and {Hisaeda, Y.} and {Asakuma, Y.} and {Aoki, H.} and {Yano, H.} and {Sawa, Y.}},
title = {Simulation of soot aggregates formed by benzene pyrolysis.},
journal = {Combustion and Flame},
year = {1999},
volume = {117},
pages = {851-860}
},

@article{haynessetal:1981,
author = {{Haynes, B.S.} and {Wagner, H.G.}},
title = {Soot formation.},
journal = {Progess in Energy Combustion Science},
year = {1981},
volume = {7},
pages = {229-273}
},

@article{hiroyasuetal:1976,
author = {{Hiroyasu, H.} and {Dakota, T.}},
title = {Models for Combustion and formation of nitric oxide and soot in direct injection Diesel engines.},
year = {1976},
journal = {SAE paper},
volume = {760129}
},

@article{hisaedaetal:2000,
author = {{Hisaeda, Y.} and {Hayashi, S.} and {Yamamoto, T.} and {Aoki, H.} and {Miura, T.}},
title = {Simulation of soot formation and aggregation in high temperature condition.},
year = {July 23-26},
journal = {Proceedings of International Joint Power Generation Conference. Miami Beach, Florida}
},

@article{huetal:2004,
author = {Hu, B. and {Köylü, Ü.Ö.}},
title = {Size and morphology of soot particulates samples from a turbulent nonpremixed acetylene flame.},
journal = {Aerosol Science and Technology},
year = {2004},
volume = {38},
pages = {1009-1018}
},

@article{kadushnikovetal:2001,
author = {{Kadushnikov, R.M.} and {Skorokhod, V.V.} and {Kamenin, I.G.} and {Alievskii, V.M.} and {Nurkanov, E.Y.} and {Alievskii, D.M.}},
title = {Computer simulation of spherical particle sintering.},
journal = {Powder Metallurgy and Metal Ceramics},
year = {2001},
volume = {40 (3-4)},
pages = {154-163}
},

@article{kazakovetal:1998,
author = {{Kazakov, A.} and {Frenklach, M.}},
title = {Dynamic modelling of soot particle coagulation and aggregation: Implementation with the method of moments and application to high-pressure laminar premixed flames.},
journal = {Combustion and Flame},
year = {1998},
volume = {114},
pages = {484-501}
},

@article{kimetal:2001,
author = {{Kim, D-H.} and {Gautam, M.} and {Gera, D.}},
title = {On the prediction of concentration variations in a dispersing heavy-duty truck exhausting plume using $k-\epsilon$ turbulent closure.},
journal = {Atmospheric Environment},
year = {2001},
volume = {35},
pages = {5267-5275}
},

@article{kimetal:2002,
author = {{Kim, D-H.} and {Gautam, M.} and {Gera, D.}},
title = {Modelling nucleation and coagulation modes in the formation of nanoparticles inside a turbulent exhaust plume of a diesel engine.},
journal = {Journal of Colloid and Interface Science},
year = {2002},
volume = {249},
pages = {96-103}
},

@article{kimetal2:2002,
author = {{Kim, D-H.} and {Gautam, M.} and {Gera, D.}},
title = {Parametric studies on the formation of diesel particulate matter via nucleation and coagulation modes.},
journal = {Journal of Aerosol Science},
year = {2002},
volume = {32},
pages = {1609-1621}
},

@article{kittlelson:1998,
author = {Kittleson, D.B.},
title = {Engines and nanoparticles: a review.},
journal = {Journal of Aerosol Science},
year = {1998},
volume = {29},
pages = {575-588}
},

@article{kochetal:1990,
author = {Koch, W. and {Friedlander, S.K.}},
title = {The effect of particle coalescence on the surface area of a coaguling aerosol.},
journal = {Journal of Colloid and Interface Science},
year = {1990},
volume = {140},
pages = {419-427}
},

@article{kostoglouetal:2001,
author = {{Kostoglou, M.} and {Konstansopoulos, A.G.}},
title = {Evolution of aggregate size and fractal dimension during Brownian coagulation.},
journal = {Journal of Aerosol Science},
year = {2001},
volume = {32},
pages = {1399-1420}
},

@article{koyluetal:1995,
author = {{Köylü, Ü.Ö.} and {Faeth, G.M.} and {Farias, T.L.} and {Carvalho, M.G.}},
title = {Fractal and projected structure properties of soot aggregates.},
journal = {Combustion and Flame},
year = {1995},
volume = {100},
pages = {621-633}
},

@article{koyluetal:1997,
author = {{Köylü, Ü.Ö.} and {McEnally, C.S.} and {Rosner, D.E.} and {Pfefferle, L.D.}},
title = {Simultaneous measurements of soot volume fraction and particle size/microstructure in flames using a thermophoretic sampling technique.},
journal = {Combustion and Flame},
year = {1997},
volume = {110},
pages = {494-507}
},

@article{kraft:2005,
author = {Kraft, M.},
title = {Modelling of particulate processes.},
journal = {KONA},
year = {2005},
volume = {23},
pages = {18-35}
},

@article{lapuertaetal:2003,
author = {{Lapuerta, M.} and {Armas, O.} and {Gómez, A.}},
title = {Diesel particle size distribution estimation from digital image analysis.},
journal = {Aerosol Science and Technology},
year = {2003},
volume = {37},
pages = {369-381}
},

@article{lapuertaetal:2006,
author = {Lapuerta, M. and Ballesteros, R. and {Martos, F.J.}},
title = {A method to determine the fractal dimension of diesel soot agglomerates},
journal = {Journal of Colloid and Interface Science},
year = {2006},
volume = {303},
pages = {149-158}
},

@article{lapuertaetal:2007,
author = {Lapuerta, M. and {Martos, F.J} and {Herreros, J.M.}},
title = {Effect of engine operating conditions on the size of primary particles composing diesel soot agglomerates},
journal = {Journal of Aerosol Science},
year = {2007},
volume = {38},
pages = {455-466}
},

@article{lapuertaetal:2009,
author = {Lapuerta, M. and Ballesteros, R. and {Martos, F.J.}},
title = {The effect of diesel engine conditions on the size and morphology of soot particles.},
journal = {International Journal of Vehicle Design},
year = {2009},
volume = {50 1/2/3/4},
pages = {91-106}
},

@article{lapuertaetal:2010,
author = {Lapuerta, M. and {Martos, F.J.} and Martí­n-González, G.},
title = {Geometrical determination of the lacunarity of agglomerates with integer fractal dimension.},
journal = {Journal of Colloid and Interface Science},
year = {2010},
volume = {346},
pages = {23-31}
},

@article{lattuadaetal:2003,
author = {Lattuada, M. and Wu, H. and Morbidelli, M.},
title = {A simmple model for the structure of fractal aggregates.},
journal = {Journal of Colloid and Interface Science},
year = {2003},
volume = {268},
pages = {106-120}
},

@article{leeetal:2002,
author = {{Lee, K.O.} and Cole, R. and Sekar, R. and {Choi, M.Y.} and Kang, J. and Bae, C. and Shin, H.},
title = {Morphological investigation of the microstructure, dimensions, and fractal geometry of diesel particulates.},
journal = {Proceedings of the Combustion Institute},
year = {2002},
volume = {29},
pages = {647-653}
},

@article{leeetal2:2002,
author = {{Lee, K.O.} and {Cole, R.} and {Sekar, R.} and {Choi, M.Y.}},
title = {Morphological investigation of the microstructure, dimensions, and fractal geometry of diesel particulates.},
year = {2002},
journal = {Proceedings of the  Combustion Institute},
volume = {29},
pages = {647-653}
},

@article{leeetal:2003,
author = {{Lee, K.O.} and Zhu, J. and Ciatti, S. and Yozgatligil, A. and {Choi, M.Y.}},
title = {Sizes, graphitic structures and fractal geometry of light-duty Diesel engine particulates.},
journal = {SAE paper},
year = {2003},
volume = {2003-01-3169}
},

@article{leeetal:2004,
author = {{Lee, K.O.} and Zhu, J.},
title = {Evolution in size and morphology of Diesel particulates alongs the exhaust system.},
journal = {SAE paper},
year = {2004},
volume = {2004-01-1981}
},

@article{liuetal:2004,
author = {{Liu, F.} and {Smallwood, G.J.} and {Snelling, D.R.}},
title = {Effects of primary particle diameter and aggregate size distribution on the temperature of soot particles heated by pulsed lasers.},
journal = {Journal of Quantitative Spectrometry \& Radiative Transfer},
year = {2004},
volume = {93},
pages = {301-312}
},

@article{masonetal:1962,
author = {{Mason, E.A.} and {Chapman, S.}},
title = {Motion of small suspended particles in nonuniform gases.},
journal = {The Journal of Chemical Physics},
year = {1962},
volume = {36},
pages = {627-632}
},

@article{medaliaetal:1969,
author = {{Medalia, A.I.} and {Heckman, F.A.}},
title = {Morphology of aggregates-II. Size and shape factors of carbon black aggregates from electron microscopy.},
journal = {Carbon},
year = {1969},
volume = {7},
pages = {567-568}
},

@article{meakinetal:1989,
author = {Meakin, P. and Donn, B. and {Mulholland, G.W.}},
title = {Collisions between point masses and fractal aggregates.},
journal = {Langmuir},
year = {1989},
volume = {5},
pages = {510-518}
},

@article{megaridisetal:1990,
author = {{Megaridis, C.M.} and {Dobbins, R.A.}},
title = {Morphological description of flame-generated materials.},
journal = {Combustion Science and Technology},
year = {1990},
volume = {71},
pages = {95-109}
},

@article{menonetal:2002,
author = {{Menon, S.} and {Hansen, J.} and {Nazarenko, L.} and {Luo, Y.}},
title = {Climate effects of black carbon aerosols in China and India.},
journal = {Science},
year = {2002},
volume = {297},
pages = {2250-2253}
},

@article{merolaetal:2001,
author = {{Merola, S.S.} and {Gambi, G.} and {Allouis, C.} and {Beretta, F.} and {Borghese, A.} and {D'Alesio, A.}},
title = {Analysis of exhausts emitted by I.C. engines and stationary burners, by means of u.v. extinction and fluorescence spectroscopy.},
journal = {Chemosphere},
year = {2001},
volume = {42},
pages = {827-834}
},

@article{mikhailovetal:1996,
author = {{Mikhailov, E.F.} and {Vlasenko, S.S.} and {Kiselev, A.A.} and {Ryshkevitch, T.I.}},
title = {Restructuring of soot particles: Experimental study.},
journal = {Journal of Aerosol Science},
year = {1996},
volume = {27, Suppl. 1},
pages = {S711-S712}
},

@article{morawskaetal:1998,
author = {{Morawska, L.} and {Bofinger, N.D.} and {Kocis, L.} and {Nwankwoala, A.}},
title = {Submicrometer and supermicrometer particles from diesel vehicle emissions.},
journal = {Environmental Science \& Technology},
year = {1998},
volume = {32},
pages = {2033-2042}
},

@article{morganetal:2008,
author = {{Morgan, N.M.} and {Patterson, R.I.A.} and Kraft, M.},
title = {Modes of neck growth in nanoparticle aggregates.},
journal = {Combustion and Flame},
year = {2008},
volume = {152},
pages = {272-275}
},

@article{naumann:2003,
author = {{Naumann, K.H.}},
title = {COSIMA-a computer program simulating the dynamics of fractal aerosols.},
journal = {Journal of Aerosol Science},
year = {2003},
volume = {34},
pages = {1371-1397}
},

@article{nelsonetal:1990,
author = {{Nelson, J.A.} and {Crookes, R.J.} and Simons, S.},
title = {On obtaining the fractal dimension of a 3D cluster from its projection on a plane-application to smoke agglomerates.},
journal = {Journal of Physics D: Applied Physics},
year = {1990},
volume = {23},
pages = {465-468}
},

@article{oberdoster:2001,
author = {{Oberdöster, G.}},
title = {Pulmonary effects of inhaled ultrafine particles.},
journal = {International Archives of Occupational and Environmental Health},
year = {2001},
volume = {74},
pages = {1-8}
},

@article{ohetal:1997,
author = {Oh, C. and {Sorensen, C.M.}},
title = {The effect of overlap between monomers on the Determination of Fractal Cluster Morphology.},
journal = {Journal of Colloid and Interface Science},
year = {1997},
volume = {193},
pages = {17-25}
},

@article{parketal:2003,
author = {{Park, K.} and {Cao, F.} and {Kittelson, D.B.} and {McMurry, P.H.}},
title = {Relationship between particle mass and mobility for diesel exhaust particles.},
journal = {Environment Science and Technology},
year = {2003},
volume = {37},
pages = {577-583}
},

@article{parketal:2004,
author = {Park, K. and {Kittleson, D.B.} and {McMurry, P.H.}},
title = {Structural properties of diesel exhaust particles measured by transmission electro microscopy (TEM): relationships to particle mass and mobility.},
journal = {Aerosol Science and Technology},
year = {2004},
volume = {38},
pages = {881-889}
},

@article{pattersonetal:2007,
author = {{Patterson, R.I.A.} and {Kraft, M.}},
title = {Model for the aggregate structure of soot particles.},
journal = {Combustion and Flame},
year = {2007},
volume = {151},
pages = {160-172}
},

@article{petterssonetal:2004,
author = {{Petterson, A.} and {Lovejoy, E.R.} and {Brock, C.A.} and {Brown, S.S.} and {Ravishankara, A.R.}},
title = {Measurement of aerosol opticl extinction at 532 nm with pulsed cavity ring down spectroscopy.},
journal = {Journal of Aerosol Science},
year = {2004},
volume = {35},
pages = {995-1011}
},

@article{ramanathanetal:2001,
author = {{Ramanathan, V.} and {Crutzen, P.J.} and {Kiehl, J.T.} and {Rosenfeld, D.}},
title = {Aerosol climate and hydrological cycle.},
journal = {Science},
year = {2001},
volume = {294},
pages = {2119-2124}
},

@article{rogaketal:1992,
author = {{Rogak, S.N.} and {Flagan, R.C.}},
title = {Characterization of the structure of agglomerate particles.},
journal = {Particle and Particle System Characteristics},
year = {1992},
volume = {9},
pages = {19-27}
},

@article{rosneretal:1991,
author = {{Rosner, D.E.} and {Mackowski, D.W.} and Garcí­a-Ybarra, P.},
title = {Size and structure insensitivity of the thermophoretic transport of aggregated soot particles in gases.},
journal = {Combustion Science and Technology},
year = {1991},
volume = {80},
pages = {87-101}
},

@article{samsometal:1987,
author = {{Samson, R.J.} and {Mulholland, G.W.} and {Gentry, J.W.}},
title = {Structural analysis of soot agglomerates.},
journal = {Langmuir},
year = {1987},
volume = {3},
pages = {272-281}
},

@article{seatonetal:1995,
author = {{Seaton, A.} and {MacNee, W.} and {Donaldson, K.} and {Godden, D.}},
title = {Particulate air pollution and acute health effects.},
journal = {The Lancet},
year = {1995},
volume = {345},
pages = {176-178}
},

@article{sempereetal:1993,
author = {{Sempere, R.} and {Bourret, D.} and {Woignier, T.} and {Phalippou, J.} and {Jullien, R.}},
title = {Scaling approach to sintering of fractal matter.},
journal = {Physical Review Letters},
year = {1993},
volume = {71},
pages = {3307-3310}
},

@article{schmidt:1988,
author = {{Schmidt-Ott, A.}},
title = {In itu measurement of the activation energy for restructuring of nanometer aerosol agglomerates.},
journal = {Applied Physics Letters},
year = {1988},
volume = {52},
pages = {954-956}
},

@article{schmidetal:2006,
author = {{Schmid, H.L.} and Al Zaitone, B. and Artelt, C. and Peukert, W.},
title = {Evolution of the fractal dimension for simultaneous coagulation and sintering.},
journal = {Chemical Engineering Science},
year = {2006},
volume = {61},
pages = {293-305}
},

@article{siegmannetal:1999,
author = {{Siegmann, K.} and {Scherrer, L.} and {Siegmann, H.C.}},
title = {Physical and chemical properties of airborne nanoscale particles and how to measure the impact on human health.},
journal = {Journal of Molecular Structure (Teochem)},
year = {1999},
volume = {458},
pages = {191-201}
},

@article{skillasetal:1998,
author = {{Skillas, G.} and {Künzel, S.} and {Burtscher, H.} and {Baltensperger, U.} and {Siegmann, K.}},
title = {High fractal-like dimension of diesel soot agglomerates.},
journal = {Journal of Aerosol Science},
year = {1998},
volume = {29},
pages = {411-410}
},

@article{smallwoodetal:2002,
author = {{Smallwood, G.J.} and {Clavel, D.} and {Gareau, D.} and {Sawchuk, R.A.} and {Snelling, D.R.} and {Witze, P.O.} and {Axelsson, B.} and {Bachalo, W.} and {Gülder, Ö.L.}},
title = {Concurrent quantitative Laser-Induced Incandescence and SMPS measurements of EGR effects on particulate emissions from a TDI diesel engine.},
journal = {SAE paper},
year = {2002},
volume = {2002-01-2715}
},

@article{smekensetal:1997,
author = {{Smekens, A.} and {Pauwels, J.} and {Berghmans, P.} and {Grieken, R.V.}},
title = {Correlation study between the aerodinamic diameter and the number of primary particles of soot aggregate by STEM.},
journal = {Journal of Aerosol Science},
year = {1997},
volume = {28},
pages = {S761-S762}
},

@article{smekensetal2:2005,
author = {{Smekens, A.} and {Moreton Goddoi, R.H.} and {Berghmans, P.} and {Grieken, R.V.}},
title = {Characterisation of soot emitted by domestic heating, aircraft and cars using diesel or biodiesel.},
journal = {Journal of Atmospheric Chemistry},
year = {2005},
volume = {52},
pages = {45-62}
},

@article{smith:1982,
author = {{Smith, G.W.}},
title = {Kinetics aspects of Diesel soot coagulations.},
journal = {SAE paper},
year = {1982},
volume = {820466}
},

@article{sorensenetal:1997,
author = {{Sorensen, C.M.} and {Roberts, G.C.}},
title = {The prefactor of fractal aggregates.},
journal = {Journal of Colloid and Interface Science},
year = {1997},
volume = {186},
pages = {447-452}
},

@article{sorensen:2001,
author = {{Sorensen, C.M.}},
title = {Light scattering by fractal aggregates: a review.},
journal = {Aerosol Science and Technology},
year = {2001},
volume = {35},
pages = {648-687}
},

@article{stasio:2001,
author = {Stasio, S.},
title = {Observation of restructuring of nanoparticle soot aggregates in a diffusion flame by static light scattering.},
journal = {Journal of Aerosol Science},
year = {2001},
volume = {32},
pages = {509-524}
},

@article{stasioetal:2002,
author = {{Stasio, S.} {Konstandopoulos, A.G.} and {Kostoglou, M.}},
title = {Cluster-cluster aggregation kinetics and primary particle growth of soot nanoparticles in flame by light scattering and numerical simulations.},
journal = {Journal of Colloid and Interface Science},
year = {2002},
volume = {214},
pages = {33-46}
},

@article{tandonetal:1995,
author = {Tandon, P. and {Rosner, D.E.}},
title = {Translational brownian diffusion coefficient of large (multiparticle) suspended aggregates.},
journal = {Industrial and Engineering Chemistry Research},
year = {1995},
volume = {34},
pages = {32-65}
},

@article{vangulijketal:2004,
author = {{Van Gulijk, C.} and {Marijnissen, J.C.M.} and {Makkee, M.} and {Moulijn, J.A.} and {Schmidt-Ott, A.}},
title = {Measuring diesel soot with a scanning mobility particle sizer and an electrical low-pressure impactor: performance assessment with a model for a fractal-like agglomerate.},
journal = {Journal of Aerosol Science},
year = {2004},
volume = {35},
pages = {633-655}
},

@article{wentzeletal:2003,
author = {Wentzel, M. and Gorzawski, H. and {Naumann, K.H.} and Saathoff, H. and Weinbruch, S.},
title = {Transmision electron microscopical and aerosol dynamical characterization of soot aerosols.},
journal = {Journal of Aerosol Science},
year = {2003},
volume = {34},
pages = {1347-1370}
},

@article{whitby:1978,
author = {Whitby, K.T.},
title = {The physical characteristics of sulfur aerosols.},
journal = {Atmospheric Environment},
year = {1978},
volume = {12},
pages = {135-159}
},

@article{wozniaketal:2012,
author = {Wozniak, M. and {Onofri, F.R.A.} and Barbosa, S. and Yon, J. and Mroczka, J.},
title = {Comparision of methods to derive morphological parameters of multi-fractal samples of particles aggreages from TEM images.},
journal = {Journal of Aerosol Science},
year = {2012},
volume = {47},
pages = {12-26}
},

@article{wuetal:1993,
author = {{Wu, M.K.} and {Friedlander, S.K.}},
title = {Note on the power law equation for fractal-like aerosol agglomerates.},
journal = {Journal of Colloid and Interface Science},
year = {1993},
volume = {159},
pages = {246-248}
},

@article{xie:2008,
author = {Xie, H.},
title = {A geometrical model for coalescing aerosol particles.},
journal = {Aerosol Science},
year = {2008},
volume = {39},
pages = {277-285}
},

@article{yadhvaetal:2004,
author = {Yadhva, V. and {Helble, J.J.}},
title = {Modeling of coalescence of hterogeneous amorhpous particles.},
journal = {Aerosol Science},
year = {2004},
volume = {35},
pages = {665-681}
},

@article{yehliuetal:2011,
author = {Yehliu, K. and Vandel Wal, R. and {Boehmann, A.L.}},
title = {Development of HRTEM imagen analysis method to quantify carbon nanostructure.},
journal = {Combustion and Flame},
year = {2011},
volume = {158},
pages = {1837-1851}
},

@article{zhangetal:2006,
author = {{Zhang, L.} and {Michelangeli, D.V.} and {Taylor, P.A.}},
title = {Influence od aerosol concentration on precipitation in low-level, warm stratiform clouds.},
journal = {Journal of Aerosol Science},
year = {2006},
volume = {37},
pages= {203-217}
},

@article{zhuetal:2003,
author = {{Zhu, J.} and {Lee, K.O.} and Sekar, R. and {Choi, M.Y.}},
title = {Morphological study of the particulate matter from a light-duty diesel engine.},
journal = {Procceedings of the third joing meeting of the U.S. Sections of the Combustion Institute},
year = {2003},
volume = {},
pages= {}
},

@article{zhuetal:2005,
author = {Zhu, J. and {Lee, K.O.} and Yozgatligil, A. and {Choi, M.Y.}},
title = {Effects of engine operating conditions on morphology, microstructure, and fractal geometry of light-duty diesel engine particulates.},
journal = {Procceedings of the Combustion Institute},
year = {2005},
volume = {30},
pages = {2781-2789}
},

@article{zuritaetal:2002,
author = {{Zurita-Gotor, M.} and {Rosner, D.E.}},
title = {Effective diameters for collisions of fractal-like aggregates: recommendations for improved aerosol coagulation frequency predictions.},
journal = {Journal of Colloid and Interface Science},
year = {2002},
volume = {255},
pages = {10-26}
},

@article{kauschetal:1971,
author = {{Kaush, H.H.} and {Fesko, D.G.} and {Tschoegl, N.W.}},
title = {The random packing of circles in a plane.},
journal = {Journal of Colloid and Inteface Science},
year = {1971},
volume = {37},
pages = {607-611}
},

@article{sutherland:1977,
author = {{Sutherland, D.N.}},
title = {Random packing of circles in plane.},
journal = {Journal of Colloid and Inteface Science},
year = {1977},
volume = {60},
pages = {96-102}
},

@article{shietal:2008,
author = {Shi, Y. and {Zhang, Y.W.}},
title = {Simulation of random packing of spherical particles with different size distributions.},
journal = {Applied Physics A: Materials Science and Processing},
year = {2008},
volume = {92},
pages = {621-626}
},

@PhdThesis{chariphD:2002,
author = {Rosario Ballesteros Yáñez},
title = {Análisis Experimental de las Emisiones de Partículas de un Motor Diésel con Combustibles Convencionales y Alternativos.},
school = {Universidad de Castilla-La Mancha},
year = {2002},
OPTmonth = {Enero}
},

@PhdThesis{martosphD:2006,
author = {Francisco Javier Martos Ramos},
title = {Caracterización Morfológica de las Partículas Diésel.},
school = {Universidad de Castilla-La Mancha},
year = {2006},
OPTmonth = {Enero}
},

@PhdThesis{martinphD:2009,
author = {José Martín Herreros Arellanos},
title = {Estudio del efecto del combustible sobre el tamaño y forma de las partículas emitidas por un motor Diésel.},
school = {Universidad de Castilla-La Mancha},
year = {2009},
OPTmonth = {Julio}
},

@PhdThesis{moninphD:2009,
author = {Christelle, M.},
title = {Caracterización del Proceso de Formación de Hollín en una Llama de Difusión Diesel de Baja Temperatura.},
school = {Universidad Politécnica de Valencia},
year = {2009},
OPTmonth = {Julio}
},

@PhdThesis{przybiolla:2002,
author = {Przybiolla, K.R.},
title = {Investigation of particles from combustion with special consideration of elemental carbon.},
school = {Swiss Federal Institute of Technology Zurich},
year = {2002}
},

@PhdThesis{ferminphD:2012,
author = {Fermín Oliva Miñana},
title = {Estudio sobre los procesos de acumulación y regeneración de hollín en una trampa de partículas Diésel con combustibles diferentes.},
school = {Universidad de Castilla-La Mancha},
year = {2012},
OPTmonth = {Marzo}
},

@MastersThesis{expositoPFM:2012,
author = {Juan José Expósito González},
title = {Effect of sintering on the fractal prefactor for agglomerates with integer fractal dimension.},
school = {Universidad de Castilla-La Mancha},
year = {2012},
OPTkey = {12-2-325007},
OPTtype = {Proyecto Final de Máster},
OPTmonth = {Septiembre}
},

@MastersThesis{vieraPFC:2014,
author = {Enrique Viera Luis},
title = {Desarrollo de una Interfaz de Usuario para la Determinación de la Dimensión Fractal de Aglomerados.},
school = {Universidad de Castilla-La Mancha},
year = {2014},
OPTkey = {14-10-201451},
OPTtype = {Proyecto Fin de Carrera},
OPTmonth = {Febrero}
},

@MastersThesis{delblancoPFC:2015,
author = {Marcos del Blanco Adán},
title = {Determinación de la Dimensión Fractal de Aglomerados 3D por el Método del Box-Counting.},
school = {Universidad de Castilla-La Mancha},
year = {2015},
OPTkey = {15-10-201530},
OPTtype = {Proyecto Fin de Carrera},
OPTmonth = {Marzo}
},

@Book{friedlander:2000,
author = {Friedlander, S.K.},
title = {Smoke, Dust and Haze. Fundamentals of aerosol dynamics.},
publisher = {Oxford University Presss, Inc. New York},
year = {2000}
},

@Book{fuchs:1989,
author = {Fuchs, N.A.},
title = {The Mechanics of Aerosols},
publisher = {Dover Publications, Inc.},
year = {1989}
},

@Book{harrisonetal:1997,
author = {Harrison, H. and Neltleton, T.},
title = {Advanced Engineering Dynamics},
publisher = {Oxford, Butterworth Heinemann.},
year = {1997}
},

@Book{heywood:1988,
author = {Heywood, J.B.},
title = {Internal Combustion Engine Fundamentals},
publisher = {McGraw Hill Book Company, New York.},
year = {1988}
},

@Book{hinds:1982,
author = {Hinds, W.},
title = {Aerosol Technology - Properties, behaviour and measurement of airbone particles},
publisher = {Wiley, Interscience, New York.},
year = {1982}
},

@Book{kuczynski:1980,
author = {{Kuczynski, G.C.}},
title = {Sintering processes.},
publisher = {Plenum Press},
year = {1995},
address = {New York}
},

@Book{mandelbrot:1983,
author = {{Mandelbrot, B.B.}},
title = {The fractal geometry of nature},
publisher = {W.H. Freeman \& Co.},
year = {1983},
address = {New York}
},

@Book{landauetal:1987,
author = {{Landau, L.D.} and {Lifshitz, E.M.}},
title = {Fluid Mechanics. Course of Theoretical Physics. Volume 6.},
publisher = {Oxford, Butterworth Heinemann.},
year = {1987}
},

@Book{turns:1996,
author = {Turns, S.R.},
title = {An Introduction to combustion. Concepts and Applications.},
publisher = {McGrawHill},
year = {1996}
},

@Book{varios:2011,
author = {{Varios}},
title = {Motores de combustión interna alternativos.},
publisher = {Editorial Reverté, Editorial UPV},
year = {2011}
},

@techreport{apheis:2004,
author = {Institut de Veille Sanitare},
title = {APHEIS (Air Polution and Health: A European Information System)},
type = {Third year report, 2002-2003},
institution = {Saint-Maurice. European Commision},
year = {2004}
},

@techreport{kittlelsonetal:1998,
author = {{Kittleson, D.B.} and {Watts, W.F.} and {Arnold, M.}},
title = {Review of diesel particulate matter sampling methods.},
type = {{Aerosol dynamics, laboratory and on-road studies}},
institution = {Univeristy of Minnesota},
year = {1998}
}